@online{web:oracledef,
  language = "russian",
  title    = "Oracle СНГ[Электронный ресурс]",
  note     = "URL: \url{https://www.oracle.com/cis/database/what-is-database/} (дата обращения: 05.01.2024)"
}
http://bseu.by/it/tohod/lekcii5.htm
@online{web:bseu,
  language = "russian",
  title    = "БГЭУ[Электронный ресурс]",
  note     = "URL: \url{http://bseu.by/it/tohod/lekcii5.htm} (дата обращения: 05.01.2024)"
}
https://drach.pro/blog/hi-tech/item/196-popular-relational-dbms-2022
@online{web:drach,
  language = "russian",
  title    = "Сайт Владимира Драча[Электронный ресурс]",
  note     = "URL: \url{https://drach.pro/blog/hi-tech/item/196-popular-relational-dbms-2022} (дата обращения: 05.01.2024)"
}
https://habr.com/ru/articles/282764/
@online{web:postgreshabr,
  language = "russian",
title    = "Чем PostgreSQL лучше других SQL баз данных с открытым исходным кодом. Часть 1 [Электронный ресурс]",
  note     = "URL: \url{https://drach.pro/blog/hi-tech/item/196-popular-relational-dbms-2022} (дата обращения: 05.01.2024)"
}
